@thesis{Laura,
	author = {Lebender, Laura},
	title = {Implementieren einer Applikation zur Fusionierung mehrerer PLC-Code Projekte},
	type = {Bachelorarbeit},
	institution = {SIEMENS},
	year = {2021},
}

@manual{siemensIEM_gettingStarted,
	author = {Siemens AG},
	title = {Industrial Edge Management – Getting Started, V1.2.0, A5E50177815-AC},
	date = {2021},
}

@manual{siemensIE_App,
	author = {Siemens AG},
	title = {Industrial Edge App Publisher – Bedienung, V1.2.0, A5E50177958-AC},
	date = {2021},
}

@manual{siemensSAT,
	ALTauthor = {Siemens AG},
	title = {Linux Transfertool – Operating Manual, A5E49985108-AA},
	date = {202-03},
}