% Encoding: UTF-8

@online{containersRedHat,
author = {Red Hat Inc.},
urldate = {2021-05-29},
url = {https://www.redhat.com/en/topics/containers/containers-vs-vms},
}

@online{containers-vs-vms-Baeldung,
author = {Tarnum Java SRL(Baeldung)},
urldate = {2021-05-29},
url = {https://www.baeldung.com/cs/virtualization-vs-containerization},
}

% ---- Docker ----
@online{dockerOverwiew,
	author = {Docker Inc.},
	urldate = {2021-05-20},
	url = {https://www.docker.com/resources/what-container},
}

@online{dockerGetStarted,
	author = {Docker Inc.},
	urldate = {2021-03-03},
	url = {https://docs.docker.com/get-started/overview/},
}


@online{dockerBridge,
	author = {Docker Inc.},
	urldate = {2020-11-27},
	url = {https://docs.docker.com/network/bridge/},
}

@online{dockerCompose,
	author = {Docker Inc.},
	urldate = {2020-11-27},
	url = {https://docs.docker.com/compose/compose-file/},
}

@online{dockerStorage,
	author = {Docker Inc.},
	urldate = {2021-05-20},
	url = {https://docs.docker.com/storage/},
}

@online{dockerVsVM,
	author = {Jenny, Fong},
	urldate = {2021-05-20},
	url ={https://www.docker.com/blog/containers-replacing-virtual-machines/},
}
% --------------------

% ---- SIEMENS  ----
@online{siemensIndustrialEdge,
	author = {SIEMENS AG},
	urldate = {2021-05-20},
	url = {https://new.siemens.com/global/de/produkte/automatisierung/themenfelder/industrial-edge.html},
}

@online{siemensSAT_Online,
	author = {SIEMENS AG},
	urldate = {2021-05-25},
	url = {https://support.industry.siemens.com/cs/document/109778285},
}
% --------------------

% ---- ROS 2 ----
@online{ros2Basic,
	author = {Open Source Robotics Foundation Inc.},
	urldate = {2021-05-25},
	url = {https://docs.ros.org/en/foxy/index.html},
}


@online{ros2OnDDS,
	author = {Open Source Robotics Foundation Inc.},
	urldate = {2020-11-27},
	url = {http://design.ros2.org/articles/ros_on_dds.html},
}

@online{ros2Tutorials,
	author = {Open Source Robotics Foundation Inc.},
	urldate = {2020-11-27},
	url = {https://index.ros.org/doc/ros2/Tutorials/},
}

@online{ros2ExamplesMinimalActionServer,
	author = {Jacob Perron},
	urldate = {2020-11-27},
	url = {https://github.com/ros2/examples/tree/master/rclcpp/actions/minimal_action_server},
}

@online{ros2ExamplesMinimalActionclient,
	author = {Jacob Perron},
	urldate = {2020-11-27},
	url = {https://github.com/ros2/examples/tree/master/rclcpp/actions/minimal_action_client},
}
% --------------------


% ---- DDS ----
@online{fastDDSInitialPeersUDP,
	author = {Copyright 2019, eProsima Revision},
	urldate = {2020-11-27},
	url = {https://fast-dds.docs.eprosima.com/en/latest/fastdds/discovery/simple.html},
} 

@online{fastDDSDiscoveryServer,
	author = {Copyright 2019, eProsima Revision},
	urldate = {2020-11-27},
	url = {https://fast-dds.docs.eprosima.com/en/latest/fastdds/discovery/discovery_server.html},
} 

@online{fastDDSInitialPeersTCP,
	author = {Copyright 2019, eProsima Revision},
	urldate = {2020-11-27},
	url = {https://fast-dds.docs.eprosima.com/en/latest/fastdds/transport/tcp/tcp.html},
} 
% --------------------


% ---- SHA 256 Impl ----
@online{sshFileImplementation,
	author = {Juan Arrieta},
	urldate = {2020-11-27},
	url = {https://gist.github.com/arrieta/7d2e196c40514d8b5e9031f2535064fc},
} 
% --------------------