% Encoding: UTF-8

@book{Kinnary2018,
	author = {Kinnary, Jangla},
	title = {Accelerating Development Velocity Using Docker},
	publisher={Apress},
	date = {2018},
	isbn = {978-1-4842-3935-3},
    url = {https://doi.org/10.1007/978-1-4842-3936-0}
}


@book{Koubaa2021,
	author = {Anis, Koubaa},
	title = {Robot Operating System	(ROS) The Complete Reference (Volume 5)},
	publisher={Springer Nature Switzerland AG 2021},
	date = {2021},
	isbn = {978-3-030-45955-0},
    url = {https://doi.org/10.1007/978-3-030-45956-7}
}